@misc{OpenCV,
  author       = {OpenCV},
  title        = {OpenCV - About},
  year         = {21.04.2022},
  howpublished = {\url{https://opencv.org/about/}}
}

@misc{Gitlab,
  author       = {Gaube and Betz},
  title        = {Document Scanner},
  year         = {11.05.2022},
  howpublished = {\url{https://gitlab.com/gaubeleo/document-scanner}}
}

@misc{Canny,
  author       = {OpenCV},
  title        = {Canny Edge Detector},
  year         = {11.05.2022},
  howpublished = {\url{https://docs.opencv.org/3.4/da/d5c/tutorial_canny_detector.html}}
}

@misc{Thresholding,
  author       = {OpenCV},
  title        = {Image Thresholding},
  year         = {11.05.2022},
  howpublished = {\url{https://docs.opencv.org/4.x/d7/d4d/tutorial_py_thresholding.html}}
}


